@book{Ierusalimschy:2006:PLS:1200583,
 author = {Ierusalimschy, Roberto},
 title = {Programming in Lua, Second Edition},
 year = {2006},
 isbn = {8590379825},
 publisher = {Lua.Org},
} 


@book{Varanese:2002:GSM:1214063,
 author = {Varanese, Alex},
 title = {Game Scripting Mastery (Premier Press Game Development (Paperback))},
 year = {2002},
 isbn = {1931841578},
 publisher = {Course Technology Press},
 address = {Boston, MA, United States},
} 

@misc{LuaRef2014,
  author = {Lua Community},
  title = {Manual de Referência de Lua 5.1},
  url = {http://www.lua.org/manual/5.1/pt/},
  year = 2014
}

@book{Figueiredo:2008:LPG:1524251,
 author = {Figueiredo, Luiz Henrique de and Celes, Waldemar and Ierusalimschy, Roberto},
 title = {Lua Programming Gems},
 year = {2008},
 isbn = {8590379841, 9788590379843},
 publisher = {Lua.Org},
} 

@misc{LuaLNCC,
  author = {Lua LNCC},
  title = {Curso de Programação em Lua},
  url = {http://lncc.br/cursos},
  year = 2014
}
