@book{Silva-CSS3,
  author      = "Silva, Maur√≠cio Samy.",
  title       = "CSS3",
  publisher   = "novatec",
  year        = 2011,
}

@book{Flanagan-Javascript,
  title={Javascript O Guia Definitivo},
  author={Flanagan, D.},
  year = {2013},
  isbn={9788536304755},
  url={http://books.google.com.br/books?id=ZuTxAKCczMkC},
  publisher={BOOKMAN COMPANHIA ED},
}

@book{sharpintroducao,
  title={INTRODU{\c{C}}AO AO HTML 5},
  author={SHARP, B.L.E.R.},
  year = {2011},
  isbn={9788576085935},
  url={http://books.google.com.br/books?id=XImupwAACAAJ},
  publisher={ALTA BOOKS},
}

