@book{Silva-CSS3,
  author      = "Silva, Maur√≠cio Samy.",
  title       = "CSS3",
  publisher   = "novatec",
  year        = 2011,
}

@book{Flanagan-Javascript,
  title={Javascript O Guia Definitivo},
  author={Flanagan, D.},
  year = {2013},
  isbn={9788536304755},
  url={http://books.google.com.br/books?id=ZuTxAKCczMkC},
  publisher={BOOKMAN COMPANHIA ED},
}

@book{sharpintroducao,
  title={Introdu{\c{c}}{\~a}o ao Html 5},
  author={Sharp, B.L.E.R.},
  year = {2011},
  isbn={9788576085935},
  url={http://books.google.com.br/books?id=XImupwAACAAJ},
  publisher={ALTA BOOKS},
}

@book{macintyremelhor,
  title={O Melhor do Php},
  author={Macintyre, P.B.},
  year = 2011,
  isbn={9788576084907},
  url={http://books.google.com.br/books?id=isI\_YgEACAAJ},
  publisher={ALTA BOOKS},
}

@book{purewal2014aprendendo,
  title={Aprendendo a desenvolver aplica{\c{c}}{\~o}es web: Desenvolva rapidamente com as tecnologias JavaScript mais modernas},
  author={Purewal, S.},
  isbn={9788575223475},
  url={http://books.google.com.br/books?id=dJUQBAAAQBAJ},
  year={2014}
}

@book{spurlock2013bootstrap,
  title={Bootstrap},
  author={Spurlock, J.},
  isbn={9781449344603},
  url={http://books.google.com.br/books?id=LZm7Cxgi3aQC},
  year={2013},
  publisher={O'Reilly Media}
}
