@book{Gamma:1995:DPE:186897,
  author = {Gamma, Erich and Helm, Richard and Johnson, Ralph and Vlissides, John},
  title = {Design Patterns: Elements of Reusable Object-oriented Software},
  year = {1995},
  isbn = {0-201-63361-2},
  publisher = {Addison-Wesley Longman Publishing Co., Inc.},
  address = {Boston, MA, USA},
} 

@book{Aragao2013,
  title={JAVA E PROGRAMA{\c{C}}{\~A}O ORIENTADA A OBJETOS: uma abordagem did{\'a}tica: Java, Programa{\c{c}}{\~a}o Orientada a Objetos, Programa{\c{c}}{\~a}o, Orienta{\c{c}}{\~a}o a Objetos},
  author={ARAG{\~A}O, H.G.},
  isbn={9788591355815},
  url={http://books.google.com.br/books?id=3LZDAgAAQBAJ},
  year={2013}
}

@book{David2014,
  title = {Introduction to Programming Using Java, Seventh Editio},
  author = {David J. Eck},
  year = {2014},
  url={http://math.hws.edu/javanotes/}
}

@book{dimarzio2008android,
  title={ANDROID A PROGRAMMERS GUIDE},
  author={DiMarzio, J.F.},
  isbn={9780071599894},
  series={McGraw-Hill professional},
  url={http://books.google.com.br/books?id=hoFI5pxjGesC},
  year={2008},
  publisher={McGraw-Hill Education}
}

@book{Luckow2010,
  title={Programa{\c{c}}{\~a}o Java para a Web: },
  author={Luckow, D.H. and de Melo, A.A.},
  isbn={9788575222386},
  url={http://books.google.com.br/books?id=eROWAwAAQBAJ},
  year={2010},
  publisher={NOVATEC}
}
