%------------
%Introducao
%------------

@article{borden1964,
  title={The concept of the marketing mix},
  author={Borden, Neil H},
  journal={Journal of advertising research},
  volume={4},
  number={2},
  pages={2--7},
  year={1964}
}

@article{kotler2000,
  title={Marketing management: The millennium edition},
  author={Kotler, Philip and others},
  journal={Marketing Management},
  volume={23},
  number={6},
  pages={188--193},
  year={2000}
}

@article{tomkovick1997,
  title={Segmentation and Positioning for Strategic Marketing Decisions},
  author={Tomkovick, Chuck},
  journal={Journal of Consumer Marketing},
  volume={14},
  number={6},
  pages={487--489},
  year={1997},
  publisher={Emerald Group Publishing, Ltd.}
}

@article{puto1984,
  title={Informational and transformational advertising: The differential effects of time},
  author={Puto, Christopher P and Wells, William D},
  journal={ACR North American Advances},
  year={1984}
}

@inproceedings{myers1996,
  title={Segmentation and positioning for strategic marketing decisions},
  author={Myers, James H},
  year={1996},
  organization={American Marketing Association}
}

@article{smith1956,
  title={Product differentiation and market segmentation as alternative marketing strategies},
  author={Smith, Wendell R},
  journal={Journal of marketing},
  volume={21},
  number={1},
  pages={3--8},
  year={1956},
  publisher={JSTOR}
}

%------------


