@article{borden1964,
	author = {Borden, Neil H},
	journal = {Journal of advertising research},
	number = {2},
	pages = {2--7},
	title = {The concept of the marketing mix},
	volume = {4},
	year = {1964}
}

@article{kotler2000,
	author = {Kotler, Philip and others},
	journal = {Marketing Management},
	number = {6},
	pages = {188--193},
	title = {Marketing management: The millennium edition},
	volume = {23},
	year = {2000}
}

@article{tomkovick1997,
	author = {Tomkovick, Chuck},
	journal = {Journal of Consumer Marketing},
	number = {6},
	pages = {487--489},
	publisher = {Emerald Group Publishing, Ltd.},
	title = {Segmentation and Positioning for Strategic Marketing Decisions},
	volume = {14},
	year = {1997}
}

@article{puto1984,
	author = {Puto, Christopher P and Wells, William D},
	journal = {ACR North American Advances},
	title = {Informational and transformational advertising: The differential effects of time},
	year = {1984}
}

@inproceedings{myers1996,
	author = {Myers, James H},
	organization = {American Marketing Association},
	title = {Segmentation and positioning for strategic marketing decisions},
	year = {1996}
}

@article{smith1956,
	author = {Smith, Wendell R},
	journal = {Journal of marketing},
	number = {1},
	pages = {3--8},
	publisher = {JSTOR},
	title = {Product differentiation and market segmentation as alternative marketing strategies},
	volume = {21},
	year = {1956}
}

@misc{positivo2t18,
	author = {Positivo},
	howpublished = {http://www.mzweb.com.br/Positivo2017/web/download\_arquivos.asp?id\_arquivo=B83AC3EB-7376-4007-96B2-FF53DBE2E1B4},
	title = {Relat{\'o}rio Positivo Tecnologia 2T2018},
	year = {2018}
}

@misc{em2017,
	author = {EM, Portal},
	howpublished = {https://www.em.com.br/app/noticia/economia/2017/12/26/internas\_economia,926978/positivo-fabricante-de-computadores-traca-estrategia-anticrise.shtml},
	title = {Positivo Tra{\c c}a Estrat{\'e}gia Anticrise},
	year = {2017}
}

@misc{analisandoAcoes2017,
	author = {A{\c c}{\~o}es, Analisando},
	howpublished = {http://www.analisandoacoes.com.br/analise-de-empresas/analise-da-positivo-tecnologia-posi3/},
	title = {An{\'a}lise Positivo Tecnologia},
	year = {2017}
}

@misc{fatoresDeRisco2018,
	author = {Positivo},
	howpublished = {https://ri.positivotecnologia.com.br/interna\_print.asp?conta=28\&idioma=0\&tipo=63824},
	month = {Agosto},
	title = {Fatores de Risco},
	year = {2018}
}

@misc{historico2018,
	author = {Positivo},
	howpublished = {https://ri.positivotecnologia.com.br/conteudo\_pt.asp?idioma=0\&conta=28\&tipo=63797},
	month = {Agosto},
	title = {Hist{\'o}rico e Perfil Corporativo},
	year = {2018}
}

@article{jointVentureBgh2010,
	author = {Globo, O},
	howpublished = {https://oglobo.globo.com/economia/positivo-anuncia-joint-venture-com-bgh-fabrica-na-argentina-2914842},
	month = {Dezembro},
	title = {Positivo Anuncia joint venture com BGH e f{\'a}brica na Argentina},
	year = {2010}
}

@article{googleFinancas2018,
	author = {Google},
	howpublished = {https://finance.google.com},
	month = {Agosto},
	title = {Google Finan{\c c}as},
	year = {2018}
}

@book{sicsu2010,
	author = {Sics{\'u}, A.L.},
	isbn = {9788521205333},
	publisher = {Blucher},
	title = {Credit scoring: desenvolvimento, implanta{\c c}{\~a}o, acompanhamento},
	url = {https://books.google.com.br/books?id=pAQYSgAACAAJ},
	year = {2010}
}

@misc{reclameAqui2018,
	author = {SA, Positivo Tecnologia},
	howpublished = {http://www.positivo.com.br/pt/noticia/839-marcas-positivo-e-quantum-sao-indicadas-ao-premio-epoca-reclame-aqui-},
	month = {Agosto},
	title = {Marcas Positivo e Quantum s{\~a}o indicadas ao Pr{\^e}mio {\'E}poca Reclame Aqui},
	year = {2018}
}

@misc{xpinvest2017,
	author = {XP},
	howpublished = {https://www.infomoney.com.br/blogs/bolsa/o-investidor-de-sucesso/post/6901113/caminho-para-retomada-que-pode-fazer-positivo-subir-nos-proximos},
	month = {Agosto},
	title = {O caminho para a retomada que pode fazer a Positivo subir 80\% nos pr{\'o}ximos 12 meses},
	year = {2017}
}

